@article{smote_chawla,
 author = {Chawla, Nitesh V. and Bowyer, Kevin W. and Hall, Lawrence O. and Kegelmeyer, W. Philip},
 title = {SMOTE: Synthetic Minority Over-sampling Technique},
 journal = {J. Artif. Int. Res.},
 issue_date = {January 2002},
 volume = {16},
 number = {1},
 month = jun,
 year = {2002},
 issn = {1076-9757},
 pages = {321--357},
 numpages = {37},
 url = {http://dl.acm.org/citation.cfm?id=1622407.1622416},
 acmid = {1622416},
 publisher = {AI Access Foundation},
 address = {USA}
} 

@unpublished{dl_book,
    title={Deep Learning},
    author={Ian Goodfellow Yoshua Bengio and Aaron Courville},
    note={Book in preparation for MIT Press},
    url={http://www.deeplearningbook.org},
    year={2016}
}

@article{rosasco,
 author = {Rosasco, Lorenzo and De Vito, Ernesto and Caponnetto, Andrea and Piana, Michele and Verri, Alessandro},
 title = {Are Loss Functions All the Same?},
 journal = {Neural Comput.},
 issue_date = {May 2004},
 volume = {16},
 number = {5},
 month = may,
 year = {2004},
 issn = {0899-7667},
 pages = {1063--1076},
 numpages = {14},
 url = {http://dx.doi.org/10.1162/089976604773135104},
 doi = {10.1162/089976604773135104},
 acmid = {996940},
 publisher = {MIT Press},
 address = {Cambridge, MA, USA}
} 

@unpublished{ishaq_synthetic,
author = {Omer Ishaq, Vladimir Curic, Carolina WÃ¤hlby},
title = {Training of macine learning methods for fluorescent spot detection},
note = {},
OPTkey = {},
OPTmonth = {April},
OPTyear = {2016},
OPTannote = {}
}

@unpublished{benchmarking_dl_tools,
author = {Shaohuai Shi, Qiang Wang, Pengfei Xu, Xiaowen Chu},
title = {Benchmarking State-of-the-Art Deep Learning Software Tools},
note = {},
OPTkey = {},
OPTmonth = {September},
OPTyear = {2016},
OPTannote = {}
}

@article{imbalanced-data,
author = {Yilin Yan, Min Chen, Mei-Ling Shyu, Shu-Ching Chen},
title = {Deep Learning for Imbalanced Multimedia Data Classification},
journal = {2015 IEEE International Symposium on Multimedia},
year = {2015}
}








